@incollection{akaike1998information,
  title={Information theory and an extension of the maximum likelihood principle},
  author={Akaike, Hirotogu},
  booktitle={Selected papers of hirotugu akaike},
  pages={199--213},
  year={1998},
  publisher={Springer}
}

@article{bougie2020fast,
  title={Fast and slow curiosity for high-level exploration in reinforcement learning},
  author={Bougie, Nicolas and Ichise, Ryutaro},
  journal={Applied Intelligence},
  pages={1--22},
  year={2020},
  publisher={Springer}
}

@article{linke2020adapting,
  title={Adapting Behavior via Intrinsic Reward: A Survey and Empirical Study},
  author={Linke, Cam and Ady, Nadia M and White, Martha and Degris, Thomas and White, Adam},
  journal={Journal of Artificial Intelligence Research},
  volume={69},
  pages={1287--1332},
  year={2020}
}

@article{bougie2020skill,
  title={Skill-based curiosity for intrinsically motivated reinforcement learning},
  author={Bougie, Nicolas and Ichise, Ryutaro},
  journal={Machine Learning},
  volume={109},
  number={3},
  pages={493--512},
  year={2020},
  publisher={Springer}
}

@article{baranes2015eye,
  title={Eye movements reveal epistemic curiosity in human observers},
  author={Baranes, Adrien and Oudeyer, Pierre-Yves and Gottlieb, Jacqueline},
  journal={Vision research},
  volume={117},
  pages={81--90},
  year={2015},
  publisher={Elsevier}
}

@article{matiisen2019teacher,
  title={Teacher-student curriculum learning},
  author={Matiisen, Tambet and Oliver, Avital and Cohen, Taco and Schulman, John},
  journal={IEEE transactions on neural networks and learning systems},
  year={2019},
  publisher={IEEE}
}

@inproceedings{mu2018combining,
  title={Combining adaptivity with progression ordering for intelligent tutoring systems},
  author={Mu, Tong and Wang, Shuhan and Andersen, Erik and Brunskill, Emma},
  booktitle={Proceedings of the Fifth Annual ACM Conference on Learning at Scale},
  pages={1--4},
  year={2018}
}

@inproceedings{portelas2020automatic,
  title={Automatic Curriculum Learning For Deep RL: A Short Survey},
  author={Portelas, R{\'e}my and Colas, C{\'e}dric and Weng, Lilian and Hofmann, Katja and Oudeyer, Pierre-Yves},
  booktitle={Proceedings of IJCAI 2020},
  year={2020}
}

@incollection{oudeyer2016intrinsic,
  title={Intrinsic motivation, curiosity, and learning: Theory and applications in educational technologies},
  author={Oudeyer, P-Y and Gottlieb, Jacqueline and Lopes, Manuel},
  booktitle={Progress in brain research},
  volume={229},
  pages={257--284},
  year={2016},
  publisher={Elsevier}
}

@article{clement:hal-00913669,
  TITLE = {{Multi-Armed Bandits for Intelligent Tutoring Systems}},
  AUTHOR = {Cl{\'e}ment, Benjamin and Roy, Didier and Oudeyer, Pierre-Yves and Lopes, Manuel},
  URL = {https://hal.inria.fr/hal-00913669},
  JOURNAL = {{Journal of Educational Data Mining}},
  PUBLISHER = {{International Educational Data Mining Society}},
  VOLUME = {7},
  NUMBER = {2},
  PAGES = {20--48},
  YEAR = {2015},
  MONTH = Jun,
  PDF = {https://hal.inria.fr/hal-00913669/file/111-768-1-PB.pdf},
  HAL_ID = {hal-00913669},
  HAL_VERSION = {v1},
}

@inproceedings{kim2020active,
  title={Active world model learning in agent-rich environments with progress curiosity},
  author={Kim, Kun Ho and Sano, Megumi and De Freitas, Julian and Haber, Nick and Yamins, Daniel},
  booktitle={International Conference on Machine Learning (ICML)},
  year={2020}
}

@article{loewenstein1994psychology,
  title={The psychology of curiosity: A review and reinterpretation.},
  author={Loewenstein, George},
  journal={Psychological bulletin},
  volume={116},
  number={1},
  pages={75},
  year={1994},
  publisher={American Psychological Association}
}

@article{baranes2014effects,
  title={The effects of task difficulty, novelty and the size of the search space on intrinsically motivated exploration},
  author={Baranes, Adrien F and Oudeyer, Pierre-Yves and Gottlieb, Jacqueline},
  journal={Frontiers in neuroscience},
  volume={8},
  pages={317},
  year={2014},
  publisher={Frontiers}
}

@misc{bates2014lme4,
  title={lme4: Linear mixed-effects models using Eigen and S4. R package version 1.1-7},
  author={Bates, Douglas and Maechler, Martin and Bolker, Ben and Walker, Steven},
  year={2014}
}

@inproceedings{bellemare2016unifying,
  title={Unifying count-based exploration and intrinsic motivation},
  author={Bellemare, Marc and Srinivasan, Sriram and Ostrovski, Georg and Schaul, Tom and Saxton, David and Munos, Remi},
  booktitle={Advances in neural information processing systems},
  pages={1471--1479},
  year={2016}
}

@article{berlyne1960conflict,
  title={Conflict, arousal, and curiosity.},
  author={Berlyne, Daniel E},
  year={1960},
  publisher={McGraw-Hill Book Company}
}

@article{bromberg2009midbrain,
  title={Midbrain dopamine neurons signal preference for advance information about upcoming rewards},
  author={Bromberg-Martin, Ethan S and Hikosaka, Okihide},
  journal={Neuron},
  volume={63},
  number={1},
  pages={119--126},
  year={2009},
  publisher={Elsevier}
}

@article{byrd1995limited,
  title={A limited memory algorithm for bound constrained optimization},
  author={Byrd, Richard H and Lu, Peihuang and Nocedal, Jorge and Zhu, Ciyou},
  journal={SIAM Journal on scientific computing},
  volume={16},
  number={5},
  pages={1190--1208},
  year={1995},
  publisher={SIAM}
}

@inproceedings{colas2019curious,
  title={CURIOUS: intrinsically motivated modular multi-goal reinforcement learning},
  author={Colas, C{\'e}dric and Fournier, Pierre and Chetouani, Mohamed and Sigaud, Olivier and Oudeyer, Pierre-Yves},
  booktitle={International conference on machine learning},
  pages={1331--1340},
  year={2019}
}

@article{collins2014human,
  title={Human EEG uncovers latent generalizable rule structure during learning},
  author={Collins, Anne GE and Cavanagh, James F and Frank, Michael J},
  journal={Journal of Neuroscience},
  volume={34},
  number={13},
  pages={4677--4685},
  year={2014},
  publisher={Soc Neuroscience}
}

@article{dayan1996exploration,
  title={Exploration bonuses and dual control},
  author={Dayan, Peter and Sejnowski, Terrence J},
  journal={Machine Learning},
  volume={25},
  number={1},
  pages={5--22},
  year={1996},
  publisher={Springer}
}

@article{daw2011trial,
  title={Trial-by-trial data analysis using computational models},
  author={Daw, Nathaniel D and others},
  journal={Decision making, affect, and learning: Attention and performance XXIII},
  volume={23},
  number={1},
  year={2011},
  publisher={Oxford University Press Oxford}
}

@article{duan2020effect,
  title={The effect of intrinsic and extrinsic motivation on memory formation: insight from behavioral and imaging study},
  author={Duan, Hongxia and Fern{\'a}ndez, Guill{\'e}n and van Dongen, Eelco and Kohn, Nils},
  journal={Brain Structure and Function},
  volume={225},
  pages={1561--1574},
  year={2020},
  publisher={Springer}
}

@article{dunlosky1998training,
  title={Training programs to improve learning in later adulthood: Helping older adults educate themselves},
  author={Dunlosky, John and Hertzog, Christopher},
  journal={Metacognition in educational theory and practice},
  volume={249},
  pages={276},
  year={1998}
}

@article{fitzgibbon2020seductive,
  title={The seductive lure of curiosity: Information as a motivationally salient reward},
  author={FitzGibbon, Lily and Lau, Johnny King L and Murayama, Kou},
  year={2020},
  publisher={PsyArXiv}
}

@article{forestier2017intrinsically,
  title={Intrinsically motivated goal exploration processes with automatic curriculum learning},
  author={Forestier, S{\'e}bastien and Mollard, Yoan and Oudeyer, Pierre-Yves},
  journal={arXiv preprint arXiv:1708.02190},
  year={2017}
}

@inproceedings{geana2016boredom,
  title={Boredom, Information-Seeking and Exploration.},
  author={Geana, Andra and Wilson, Robert and Daw, Nathaniel D and Cohen, Jonathan D},
  booktitle={CogSci},
  year={2016}
}

@article{gold2019predictability,
  title={Predictability and uncertainty in the pleasure of music: a reward for learning?},
  author={Gold, Benjamin P and Pearce, Marcus T and Mas-Herrero, Ernest and Dagher, Alain and Zatorre, Robert J},
  journal={Journal of Neuroscience},
  volume={39},
  number={47},
  pages={9397--9409},
  year={2019},
  publisher={Soc Neuroscience}
}

@article{gottlieb2013information,
  title={Information-seeking, curiosity, and attention: computational and neural mechanisms},
  author={Gottlieb, Jacqueline and Oudeyer, Pierre-Yves and Lopes, Manuel and Baranes, Adrien},
  journal={Trends in cognitive sciences},
  volume={17},
  number={11},
  pages={585--593},
  year={2013},
  publisher={Elsevier}
}

@article{hsu2005neural,
  title={Neural systems responding to degrees of uncertainty in human decision-making},
  author={Hsu, Ming and Bhatt, Meghana and Adolphs, Ralph and Tranel, Daniel and Camerer, Colin F},
  journal={Science},
  volume={310},
  number={5754},
  pages={1680--1683},
  year={2005},
  publisher={American Association for the Advancement of Science}
}}

@article{gottlieb2018towards,
  title={Towards a neuroscience of active sampling and curiosity},
  author={Gottlieb, Jacqueline and Oudeyer, Pierre-Yves},
  journal={Nature Reviews Neuroscience},
  volume={19},
  number={12},
  pages={758--770},
  year={2018},
  publisher={Nature Publishing Group}
}

@article{graves2017automated,
  title={Automated curriculum learning for neural networks},
  author={Graves, Alex and Bellemare, Marc G and Menick, Jacob and Munos, Remi and Kavukcuoglu, Koray},
  journal={arXiv preprint arXiv:1704.03003},
  year={2017}
}

@article{hidi2019interest,
  title={Interest development and its relation to curiosity: needed neuroscientific research},
  author={Hidi, Suzanne E and Renninger, K Ann},
  journal={Educational Psychology Review},
  pages={1--20},
  year={2019},
  publisher={Springer}
}

@article{holm2019episodic,
  title={Episodic curiosity for avoiding asteroids: Per-trial information gain for choice outcomes drive information seeking},
  author={Holm, Linus and Wadenholt, Gustaf and Schrater, Paul},
  journal={Scientific reports},
  volume={9},
  number={1},
  pages={1--16},
  year={2019},
  publisher={Nature Publishing Group}
}

@article{hsu2005neural,
  title={Neural systems responding to degrees of uncertainty in human decision-making},
  author={Hsu, Ming and Bhatt, Meghana and Adolphs, Ralph and Tranel, Daniel and Camerer, Colin F},
  journal={Science},
  volume={310},
  number={5754},
  pages={1680--1683},
  year={2005},
  publisher={American Association for the Advancement of Science}
}

@article{kang2009wick,
  title={The wick in the candle of learning: Epistemic curiosity activates reward circuitry and enhances memory},
  author={Kang, Min Jeong and Hsu, Ming and Krajbich, Ian M and Loewenstein, George and McClure, Samuel M and Wang, Joseph Tao-yi and Camerer, Colin F},
  journal={Psychological science},
  volume={20},
  number={8},
  pages={963--973},
  year={2009},
  publisher={SAGE Publications Sage CA: Los Angeles, CA}
}

@article{kaplan2003motivational,
  title={Motivational principles for visual know-how development},
  author={Kaplan, Frederic and Oudeyer, Pierre-Yves},
  year={2003},
  publisher={Lund University Cognitive Studies}
}

@article{kaplan2007search,
  title={In search of the neural circuits of intrinsic motivation},
  author={Kaplan, Frederic and Oudeyer, Pierre-Yves},
  journal={Frontiers in neuroscience},
  volume={1},
  pages={17},
  year={2007},
  publisher={Frontiers}
}

@article{kidd2012goldilocks,
  title={The Goldilocks effect: Human infants allocate attention to visual sequences that are neither too simple nor too complex},
  author={Kidd, Celeste and Piantadosi, Steven T and Aslin, Richard N},
  journal={PloS one},
  volume={7},
  number={5},
  pages={e36399},
  year={2012},
  publisher={Public Library of Science}
}

@article{kidd2015psychology,
  title={The psychology and neuroscience of curiosity},
  author={Kidd, Celeste and Hayden, Benjamin Y},
  journal={Neuron},
  volume={88},
  number={3},
  pages={449--460},
  year={2015},
  publisher={Elsevier}
}

@article{lau2020shared,
  title={Shared striatal activity in decisions to satisfy curiosity and hunger at the risk of electric shocks},
  author={Lau, Johnny King L and Ozono, Hiroki and Kuratomi, Kei and Komiya, Asuka and Murayama, Kou},
  journal={Nature Human Behaviour},
  volume={4},
  number={5},
  pages={531--543},
  year={2020},
  publisher={Nature Publishing Group}
}

@inproceedings{lopes2012strategic,
  title={The strategic student approach for life-long exploration and learning},
  author={Lopes, Manuel and Oudeyer, Pierre-Yves},
  booktitle={2012 IEEE International Conference on Development and Learning and Epigenetic Robotics (ICDL)},
  pages={1--8},
  year={2012},
  organization={IEEE}
}

@article{metcalfe2005region,
  title={A region of proximal learning model of study time allocation},
  author={Metcalfe, Janet and Kornell, Nate},
  journal={Journal of memory and language},
  volume={52},
  number={4},
  pages={463--477},
  year={2005},
  publisher={Elsevier}
}

@article{mcfadden1973conditional,
  title={Conditional logit analysis of qualitative choice behavior},
  author={McFadden, Daniel and others},
  year={1973},
  publisher={Institute of Urban and Regional Development, University of California~…}
}

@incollection{mirolli2013functions,
  title={Functions and mechanisms of intrinsic motivations},
  author={Mirolli, Marco and Baldassarre, Gianluca},
  booktitle={Intrinsically Motivated Learning in Natural and Artificial Systems},
  pages={49--72},
  year={2013},
  publisher={Springer}
}

@article{murayama2019process,
  title={Process account of curiosity and interest: A reward-learning perspective},
  author={Murayama, Kou and FitzGibbon, Lily and Sakaki, Michiko},
  journal={Educational Psychology Review},
  pages={1--21},
  year={2019},
  publisher={Springer}
}

@article{murayama2019motivated,
  title={Motivated for near impossibility: How task type and reward modulates intrinsic motivation and the striatal activation for an extremely difficult task},
  author={Murayama, Kou and Sakaki, Michiko and Meliss, Stef and Yomogida, Yukihito and Matsumori, Kausu and Sugiura, Ayaka and Matsumoto, Madoka and Matsumoto, Kenji},
  journal={bioRxiv},
  pages={828756},
  year={2019},
  publisher={Cold Spring Harbor Laboratory}
}

@article{nussenbaum2019reinforcement,
  title={Reinforcement learning across development: What insights can we draw from a decade of research?},
  author={Nussenbaum, Kate and Hartley, Catherine A},
  journal={Developmental cognitive neuroscience},
  volume={40},
  pages={100733},
  year={2019},
  publisher={Elsevier}
}

@article{oudeyer2007intrinsic,
  title={Intrinsic motivation systems for autonomous mental development},
  author={Oudeyer, Pierre-Yves and Kaplan, Frdric and Hafner, Verena V},
  journal={IEEE transactions on evolutionary computation},
  volume={11},
  number={2},
  pages={265--286},
  year={2007},
  publisher={IEEE}
}

@article{oudeyer2016evolution,
  title={How evolution may work through curiosity-driven developmental process},
  author={Oudeyer, Pierre-Yves and Smith, Linda B},
  journal={Topics in Cognitive Science},
  volume={8},
  number={2},
  pages={492--502},
  year={2016},
  publisher={Wiley Online Library}
}

@inproceedings{pathak2017curiosity,
  title={Curiosity-driven exploration by self-supervised prediction},
  author={Pathak, Deepak and Agrawal, Pulkit and Efros, Alexei A and Darrell, Trevor},
  booktitle={Proceedings of the IEEE Conference on Computer Vision and Pattern Recognition Workshops},
  pages={16--17},
  year={2017}
}

@article{ryan2000intrinsic,
  title={Intrinsic and extrinsic motivations: Classic definitions and new directions},
  author={Ryan, Richard M and Deci, Edward L},
  journal={Contemporary educational psychology},
  volume={25},
  number={1},
  pages={54--67},
  year={2000},
  publisher={Elsevier}
}

@article{santucci2013best,
  title={Which is the best intrinsic motivation signal for learning multiple skills?},
  author={Santucci, Vieri Giuliano and Baldassarre, Gianluca and Mirolli, Marco},
  journal={Frontiers in neurorobotics},
  volume={7},
  pages={22},
  year={2013},
  publisher={Frontiers}
}

@article{schad2020capitalize,
  title={How to capitalize on a priori contrasts in linear (mixed) models: A tutorial},
  author={Schad, Daniel J and Vasishth, Shravan and Hohenstein, Sven and Kliegl, Reinhold},
  journal={Journal of Memory and Language},
  volume={110},
  pages={104038},
  year={2020},
  publisher={Elsevier}
}

@article{schmidhuber2010formal,
  title={Formal theory of creativity, fun, and intrinsic motivation (1990--2010)},
  author={Schmidhuber, J{\"u}rgen},
  journal={IEEE Transactions on Autonomous Mental Development},
  volume={2},
  number={3},
  pages={230--247},
  year={2010},
  publisher={Ieee}
}

@article{schwartenbeck2019computational,
  title={Computational mechanisms of curiosity and goal-directed exploration},
  author={Schwartenbeck, Philipp and Passecker, Johannes and Hauser, Tobias U and FitzGerald, Thomas HB and Kronbichler, Martin and Friston, Karl J},
  journal={Elife},
  volume={8},
  pages={e41703},
  year={2019},
  publisher={eLife Sciences Publications Limited}
}

@article{schulz2019structured,
  title={Structured, uncertainty-driven exploration in real-world consumer choice},
  author={Schulz, Eric and Bhui, Rahul and Love, Bradley C and Brier, Bastien and Todd, Michael T and Gershman, Samuel J},
  journal={Proceedings of the National Academy of Sciences},
  volume={116},
  number={28},
  pages={13903--13908},
  year={2019},
  publisher={National Acad Sciences}
}

@article{son2000metacognitive,
  title={Metacognitive and control strategies in study-time allocation.},
  author={Son, Lisa K and Metcalfe, Janet},
  journal={Journal of Experimental Psychology: Learning, Memory, and Cognition},
  volume={26},
  number={1},
  pages={204},
  year={2000},
  publisher={American Psychological Association}
}

@article{son2006metacognitive,
  title={Metacognitive control and optimal learning},
  author={Son, Lisa K and Sethi, Rajiv},
  journal={Cognitive Science},
  volume={30},
  number={4},
  pages={759--774},
  year={2006},
  publisher={Wiley Online Library}
}

@article{suri2020value,
  title={Value-based decision making: An interactive activation perspective.},
  author={Suri, Gaurav and Gross, James J and McClelland, James L},
  journal={Psychological Review},
  volume={127},
  number={2},
  pages={153},
  year={2020},
  publisher={American Psychological Association}
}

@book{sutton2018reinforcement,
  title={Reinforcement learning: An introduction},
  author={Sutton, Richard S and Barto, Andrew G},
  year={2018},
  publisher={MIT press}
}

@inproceedings{williams2008people,
  title={Why are People Bad at Detecting Randomness? Because it is Hard.},
  author={Williams, Joseph Jay and Griffiths, Thomas L},
  booktitle={Proceedings of the 30th Annual Conference of the Cognitive Science Society},
  pages={1158--1163},
  year={2008},
  organization={Citeseer}
}

@article{tsutsui2011complexity,
  title={Complexity scale and aesthetic judgments of color combinations},
  author={Tsutsui, Ako and Ohmi, Gentarow},
  journal={Empirical Studies of the Arts},
  volume={29},
  number={1},
  pages={1--15},
  year={2011},
  publisher={SAGE Publications Sage CA: Los Angeles, CA}
}

@article{twomey2017curiosity,
  title={Curiosity-based learning in infants: a neurocomputational approach},
  author={Twomey, Katherine E and Westermann, Gert},
  journal={Developmental science},
  volume={21},
  number={4},
  pages={e12629},
  year={2017},
  publisher={Wiley Online Library}
}

@article{hidi2006four,
  title={The four-phase model of interest development},
  author={Hidi, Suzanne and Renninger, K Ann},
  journal={Educational psychologist},
  volume={41},
  number={2},
  pages={111--127},
  year={2006},
  publisher={Taylor \& Francis}
}

@article{twomey2019building,
  title={Building the foundations of language: mechanisms of curiosity-driven learning},
  author={Twomey, Katherine and Westermann, Gert},
  year={2019},
  publisher={Routledge}
}

@incollection{Bazhydai21,
  title={Curiosity and Exploration},
  author={Bazhydai, M. and Twomey, K. and Westermann, G.},
  booktitle={Encyclopedia of Infant and Early Childhood Development},
  editor={Benson, J. B.},
  year={2021},
  publisher={Elsevier}
}

@article{dubey2019reconciling,
  title={Reconciling novelty and complexity through a rational analysis of curiosity.},
  author={Dubey, Rachit and Griffiths, Thomas L},
  journal={Psychological Review},
  year={2019},
  publisher={American Psychological Association}
}

@article{cohen2007should,
  title={Should I stay or should I go? How the human brain manages the trade-off between exploitation and exploration},
  author={Cohen, Jonathan D and McClure, Samuel M and Yu, Angela J},
  journal={Philosophical Transactions of the Royal Society B: Biological Sciences},
  volume={362},
  number={1481},
  pages={933--942},
  year={2007},
  publisher={The Royal Society London}
}

@article{sauve2019information,
  title={Information-theoretic Modeling of Perceived Musical Complexity},
  author={Sauv{\'e}, Sarah A and Pearce, Marcus T},
  journal={Music Perception: An Interdisciplinary Journal},
  volume={37},
  number={2},
  pages={165--178},
  year={2019},
  publisher={University of California Press}
}