
@article{shannon_mathematical_nodate,
	title = {A {Mathematical} {Theory} of {Communication}},
	language = {en},
	author = {Shannon, C E},
	pages = {55},
	file = {Shannon - A Mathematical Theory of Communication.pdf:C\:\\Users\\user\\Zotero\\storage\\R7T3XVEF\\Shannon - A Mathematical Theory of Communication.pdf:application/pdf},
}
